%---------------------------------------------------------------------------%
%-                                                                         -%
%-                             Bibliography                                -%
%-                                                                         -%
%---------------------------------------------------------------------------%
@inproceedings{He_2016,
  title={Deep residual learning for image recognition},
  author={He, Kaiming and Zhang, Xiangyu and Ren, Shaoqing and Sun, Jian},
  booktitle={Proceedings of the IEEE conference on computer vision and pattern recognition},
  pages={770--778},
  year={2016}
}
@article{howard2017mobilenets,
  title={Mobilenets: Efficient convolutional neural networks for mobile vision applications},
  author={Howard, Andrew G and Zhu, Menglong and Chen, Bo and Kalenichenko, Dmitry and Wang, Weijun and Weyand, Tobias and Andreetto, Marco and Adam, Hartwig},
  journal={arXiv preprint arXiv:1704.04861},
  year={2017}
}
@inproceedings{Sandler_2018,
  title={Mobilenetv2: Inverted residuals and linear bottlenecks},
  author={Sandler, Mark and Howard, Andrew and Zhu, Menglong and Zhmoginov, Andrey and Chen, Liang-Chieh},
  booktitle={Proceedings of the IEEE conference on computer vision and pattern recognition},
  pages={4510--4520},
  year={2018}
}
@inproceedings{howard2019searching,
  title={Searching for mobilenetv3},
  author={Howard, Andrew and Sandler, Mark and Chu, Grace and Chen, Liang-Chieh and Chen, Bo and Tan, Mingxing and Wang, Weijun and Zhu, Yukun and Pang, Ruoming and Vasudevan, Vijay and others},
  booktitle={Proceedings of the IEEE International Conference on Computer Vision},
  pages={1314--1324},
  year={2019}
}
@inproceedings{li2019additive,
  title={Additive Powers-of-Two Quantization: An Efficient Non-uniform Discretization for Neural Networks},
  author={Yuhang Li and Xin Dong and Wei Wang},
  booktitle={International Conference on Learning Representations},
  year={2020},
  url={https://openreview.net/forum?id=BkgXT24tDS}
}
@inproceedings{jung2019learning,
  title={Learning to quantize deep networks by optimizing quantization intervals with task loss},
  author={Jung, Sangil and Son, Changyong and Lee, Seohyung and Son, Jinwoo and Han, Jae-Joon and Kwak, Youngjun and Hwang, Sung Ju and Choi, Changkyu},
  booktitle={Proceedings of the IEEE Conference on Computer Vision and Pattern Recognition},
  pages={4350--4359},
  year={2019}
}
@article{choi2018pact,
  title={Pact: Parameterized clipping activation for quantized neural networks},
  author={Choi, Jungwook and Wang, Zhuo and Venkataramani, Swagath and Chuang, Pierce I-Jen and Srinivasan, Vijayalakshmi and Gopalakrishnan, Kailash},
  journal={arXiv preprint arXiv:1805.06085},
  year={2018}
}
@article{zhou2016dorefanet,
  title={Dorefa-net: Training low bitwidth convolutional neural networks with low bitwidth gradients},
  author={Zhou, Shuchang and Wu, Yuxin and Ni, Zekun and Zhou, Xinyu and Wen, He and Zou, Yuheng},
  journal={arXiv preprint arXiv:1606.06160},
  year={2016}
}
@article{ILSVRC15,
Author = {Olga Russakovsky and Jia Deng and Hao Su and Jonathan Krause and Sanjeev Satheesh and Sean Ma and Zhiheng Huang and Andrej Karpathy and Aditya Khosla and Michael Bernstein and Alexander C. Berg and Li Fei-Fei},
Title = {{ImageNet Large Scale Visual Recognition Challenge}},
Year = {2015},
journal   = {International Journal of Computer Vision (IJCV)},
doi = {10.1007/s11263-015-0816-y},
volume={115},
number={3},
pages={211-252}
}
@inproceedings{deng2009imagenet,
  title={Imagenet: A large-scale hierarchical image database},
  author={Deng, Jia and Dong, Wei and Socher, Richard and Li, Li-Jia and Li, Kai and Fei-Fei, Li},
  booktitle={2009 IEEE conference on computer vision and pattern recognition},
  pages={248--255},
  year={2009},
  organization={Ieee}
}
@article{krizhevsky2009learning,
  title={Learning multiple layers of features from tiny images},
  author={Krizhevsky, Alex and Hinton, Geoffrey and others},
  year={2009},
  publisher={Citeseer}
}
@inproceedings{lin2014microsoft,
  title={Microsoft coco: Common objects in context},
  author={Lin, Tsung-Yi and Maire, Michael and Belongie, Serge and Hays, James and Perona, Pietro and Ramanan, Deva and Doll{\'a}r, Piotr and Zitnick, C Lawrence},
  booktitle={European conference on computer vision},
  pages={740--755},
  year={2014},
  organization={Springer}
}
@inproceedings{He_2015,
  title={Delving deep into rectifiers: Surpassing human-level performance on imagenet classification},
  author={He, Kaiming and Zhang, Xiangyu and Ren, Shaoqing and Sun, Jian},
  booktitle={Proceedings of the IEEE international conference on computer vision},
  pages={1026--1034},
  year={2015}
}
@article{kingma2014adam,
  title={Adam: A method for stochastic optimization},
  author={Kingma, Diederik P and Ba, Jimmy},
  journal={arXiv preprint arXiv:1412.6980},
  year={2014}
}
@inproceedings{Zhang_2018,
  title={Lq-nets: Learned quantization for highly accurate and compact deep neural networks},
  author={Zhang, Dongqing and Yang, Jiaolong and Ye, Dongqiangzi and Hua, Gang},
  booktitle={Proceedings of the European conference on computer vision (ECCV)},
  pages={365--382},
  year={2018}
}
@article{goyal2017accurate,
  title={Accurate, large minibatch sgd: Training imagenet in 1 hour},
  author={Goyal, Priya and Doll{\'a}r, Piotr and Girshick, Ross and Noordhuis, Pieter and Wesolowski, Lukasz and Kyrola, Aapo and Tulloch, Andrew and Jia, Yangqing and He, Kaiming},
  journal={arXiv preprint arXiv:1706.02677},
  year={2017}
}
@article{ioffe2015batch,
  title={Batch normalization: Accelerating deep network training by reducing internal covariate shift},
  author={Ioffe, Sergey and Szegedy, Christian},
  journal={arXiv preprint arXiv:1502.03167},
  year={2015}
}
@article{krishnamoorthi2018quantizing,
  title={Quantizing deep convolutional networks for efficient inference: A whitepaper},
  author={Krishnamoorthi, Raghuraman},
  journal={arXiv preprint arXiv:1806.08342},
  year={2018}
}
@inproceedings{jacob2018quantization,
  title={Quantization and training of neural networks for efficient integer-arithmetic-only inference},
  author={Jacob, Benoit and Kligys, Skirmantas and Chen, Bo and Zhu, Menglong and Tang, Matthew and Howard, Andrew and Adam, Hartwig and Kalenichenko, Dmitry},
  booktitle={Proceedings of the IEEE Conference on Computer Vision and Pattern Recognition},
  pages={2704--2713},
  year={2018}
}
@inproceedings{rastegari2016xnor,
  title={Xnor-net: Imagenet classification using binary convolutional neural networks},
  author={Rastegari, Mohammad and Ordonez, Vicente and Redmon, Joseph and Farhadi, Ali},
  booktitle={European conference on computer vision},
  pages={525--542},
  year={2016},
  organization={Springer}
}
@inproceedings{louizos2018relaxed,
  title={Relaxed Quantization for Discretized Neural Networks},
  author={Christos Louizos and Matthias Reisser and Tijmen Blankevoort and Efstratios Gavves and Max Welling},
  booktitle={International Conference on Learning Representations},
  year={2019},
  url={https://openreview.net/forum?id=HkxjYoCqKX},
}
@article{lecun2015deep,
  title={Deep learning},
  author={LeCun, Yann and Bengio, Yoshua and Hinton, Geoffrey},
  journal={nature},
  volume={521},
  number={7553},
  pages={436--444},
  year={2015},
  publisher={Nature Publishing Group}
}
@inproceedings{krizhevsky2012imagenet,
  title={Imagenet classification with deep convolutional neural networks},
  author={Krizhevsky, Alex and Sutskever, Ilya and Hinton, Geoffrey E},
  booktitle={Advances in neural information processing systems},
  pages={1097--1105},
  year={2012}
}
@article{anderson1972more,
  title={More is different},
  author={Anderson, Philip W},
  journal={Science},
  volume={177},
  number={4047},
  pages={393--396},
  year={1972},
  publisher={JSTOR}
}
@inproceedings{viola2001rapid,
  title={Rapid object detection using a boosted cascade of simple features},
  author={Viola, Paul and Jones, Michael},
  booktitle={Proceedings of the 2001 IEEE computer society conference on computer vision and pattern recognition. CVPR 2001},
  volume={1},
  pages={I--I},
  year={2001},
  organization={IEEE}
}
@article{viola2004robust,
  title={Robust real-time face detection},
  author={Viola, Paul and Jones, Michael J},
  journal={International journal of computer vision},
  volume={57},
  number={2},
  pages={137--154},
  year={2004},
  publisher={Springer}
}
@inproceedings{dalal2005histograms,
  title={Histograms of oriented gradients for human detection},
  author={Dalal, Navneet and Triggs, Bill},
  booktitle={2005 IEEE computer society conference on computer vision and pattern recognition (CVPR'05)},
  volume={1},
  pages={886--893},
  year={2005},
  organization={IEEE}
}
@inproceedings{felzenszwalb2008discriminatively,
  title={A discriminatively trained, multiscale, deformable part model},
  author={Felzenszwalb, Pedro and McAllester, David and Ramanan, Deva},
  booktitle={2008 IEEE Conference on Computer Vision and Pattern Recognition},
  pages={1--8},
  year={2008},
  organization={IEEE}
}
@article{felzenszwalb2009object,
  title={Object detection with discriminatively trained part-based models},
  author={Felzenszwalb, Pedro F and Girshick, Ross B and McAllester, David and Ramanan, Deva},
  journal={IEEE transactions on pattern analysis and machine intelligence},
  volume={32},
  number={9},
  pages={1627--1645},
  year={2009},
  publisher={IEEE}
}
@inproceedings{girshick2011object,
  title={Object detection with grammar models},
  author={Girshick, Ross B and Felzenszwalb, Pedro F and Mcallester, David A},
  booktitle={Advances in Neural Information Processing Systems},
  pages={442--450},
  year={2011}
}
@book{girshick2012rigid,
  title={From rigid templates to grammars: Object detection with structured models},
  author={Girshick, Ross Brook},
  year={2012},
  publisher={Citeseer}
}
@article{girshick2015region,
  title={Region-based convolutional networks for accurate object detection and segmentation},
  author={Girshick, Ross and Donahue, Jeff and Darrell, Trevor and Malik, Jitendra},
  journal={IEEE transactions on pattern analysis and machine intelligence},
  volume={38},
  number={1},
  pages={142--158},
  year={2015},
  publisher={IEEE}
}
@inproceedings{van2011segmentation,
  title={Segmentation as selective search for object recognition},
  author={Van de Sande, Koen EA and Uijlings, Jasper RR and Gevers, Theo and Smeulders, Arnold WM},
  booktitle={2011 International Conference on Computer Vision},
  pages={1879--1886},
  year={2011},
  organization={IEEE}
}
@article{Everingham10,
  author = "Everingham, M. and Van~Gool, L. and Williams, C. K. I. and Winn, J. and Zisserman, A.",
  title = "The Pascal Visual Object Classes (VOC) Challenge",
  journal = "International Journal of Computer Vision",
  volume = "88",
  year = "2010",
  number = "2",
  month = jun,
  pages = "303--338",
}
@article{he2015spatial,
  title={Spatial pyramid pooling in deep convolutional networks for visual recognition},
  author={He, Kaiming and Zhang, Xiangyu and Ren, Shaoqing and Sun, Jian},
  journal={IEEE transactions on pattern analysis and machine intelligence},
  volume={37},
  number={9},
  pages={1904--1916},
  year={2015},
  publisher={IEEE}
}
@inproceedings{girshick2015fast,
  title={Fast r-cnn},
  author={Girshick, Ross},
  booktitle={Proceedings of the IEEE international conference on computer vision},
  pages={1440--1448},
  year={2015}
}
@inproceedings{ren2015faster,
  title={Faster r-cnn: Towards real-time object detection with region proposal networks},
  author={Ren, Shaoqing and He, Kaiming and Girshick, Ross and Sun, Jian},
  booktitle={Advances in neural information processing systems},
  pages={91--99},
  year={2015}
}
@inproceedings{dai2016r,
  title={R-fcn: Object detection via region-based fully convolutional networks},
  author={Dai, Jifeng and Li, Yi and He, Kaiming and Sun, Jian},
  booktitle={Advances in neural information processing systems},
  pages={379--387},
  year={2016}
}
@article{li2017light,
  title={Light-head r-cnn: In defense of two-stage object detector},
  author={Li, Zeming and Peng, Chao and Yu, Gang and Zhang, Xiangyu and Deng, Yangdong and Sun, Jian},
  journal={arXiv preprint arXiv:1711.07264},
  year={2017}
}
@inproceedings{lin2017feature,
  title={Feature pyramid networks for object detection},
  author={Lin, Tsung-Yi and Doll{\'a}r, Piotr and Girshick, Ross and He, Kaiming and Hariharan, Bharath and Belongie, Serge},
  booktitle={Proceedings of the IEEE conference on computer vision and pattern recognition},
  pages={2117--2125},
  year={2017}
}
@inproceedings{redmon2016you,
  title={You only look once: Unified, real-time object detection},
  author={Redmon, Joseph and Divvala, Santosh and Girshick, Ross and Farhadi, Ali},
  booktitle={Proceedings of the IEEE conference on computer vision and pattern recognition},
  pages={779--788},
  year={2016}
}
@inproceedings{redmon2017yolo9000,
  title={YOLO9000: better, faster, stronger},
  author={Redmon, Joseph and Farhadi, Ali},
  booktitle={Proceedings of the IEEE conference on computer vision and pattern recognition},
  pages={7263--7271},
  year={2017}
}
@article{redmon2018yolov3,
  title={Yolov3: An incremental improvement},
  author={Redmon, Joseph and Farhadi, Ali},
  journal={arXiv preprint arXiv:1804.02767},
  year={2018}
}
@inproceedings{liu2016ssd,
  title={Ssd: Single shot multibox detector},
  author={Liu, Wei and Anguelov, Dragomir and Erhan, Dumitru and Szegedy, Christian and Reed, Scott and Fu, Cheng-Yang and Berg, Alexander C},
  booktitle={European conference on computer vision},
  pages={21--37},
  year={2016},
  organization={Springer}
}
@inproceedings{lin2017focal,
  title={Focal loss for dense object detection},
  author={Lin, Tsung-Yi and Goyal, Priya and Girshick, Ross and He, Kaiming and Doll{\'a}r, Piotr},
  booktitle={Proceedings of the IEEE international conference on computer vision},
  pages={2980--2988},
  year={2017}
}
@inproceedings{zhang2018shufflenet,
  title={Shufflenet: An extremely efficient convolutional neural network for mobile devices},
  author={Zhang, Xiangyu and Zhou, Xinyu and Lin, Mengxiao and Sun, Jian},
  booktitle={Proceedings of the IEEE conference on computer vision and pattern recognition},
  pages={6848--6856},
  year={2018}
}
@inproceedings{ma2018shufflenet,
  title={Shufflenet v2: Practical guidelines for efficient cnn architecture design},
  author={Ma, Ningning and Zhang, Xiangyu and Zheng, Hai-Tao and Sun, Jian},
  booktitle={Proceedings of the European Conference on Computer Vision (ECCV)},
  pages={116--131},
  year={2018}
}
@article{iandola2016squeezenet,
  title={SqueezeNet: AlexNet-level accuracy with 50x fewer parameters and< 0.5 MB model size},
  author={Iandola, Forrest N and Han, Song and Moskewicz, Matthew W and Ashraf, Khalid and Dally, William J and Keutzer, Kurt},
  journal={arXiv preprint arXiv:1602.07360},
  year={2016}
}
@inproceedings{zoph2018learning,
  title={Learning transferable architectures for scalable image recognition},
  author={Zoph, Barret and Vasudevan, Vijay and Shlens, Jonathon and Le, Quoc V},
  booktitle={Proceedings of the IEEE conference on computer vision and pattern recognition},
  pages={8697--8710},
  year={2018}
}
@inproceedings{tan2019mnasnet,
  title={Mnasnet: Platform-aware neural architecture search for mobile},
  author={Tan, Mingxing and Chen, Bo and Pang, Ruoming and Vasudevan, Vijay and Sandler, Mark and Howard, Andrew and Le, Quoc V},
  booktitle={Proceedings of the IEEE Conference on Computer Vision and Pattern Recognition},
  pages={2820--2828},
  year={2019}
}
@article{liu2018darts,
  title={Darts: Differentiable architecture search},
  author={Liu, Hanxiao and Simonyan, Karen and Yang, Yiming},
  journal={arXiv preprint arXiv:1806.09055},
  year={2018}
}
@inproceedings{lu2019nsga,
  title={NSGA-Net: neural architecture search using multi-objective genetic algorithm},
  author={Lu, Zhichao and Whalen, Ian and Boddeti, Vishnu and Dhebar, Yashesh and Deb, Kalyanmoy and Goodman, Erik and Banzhaf, Wolfgang},
  booktitle={Proceedings of the Genetic and Evolutionary Computation Conference},
  pages={419--427},
  year={2019}
}
@inproceedings{wu2019fbnet,
  title={Fbnet: Hardware-aware efficient convnet design via differentiable neural architecture search},
  author={Wu, Bichen and Dai, Xiaoliang and Zhang, Peizhao and Wang, Yanghan and Sun, Fei and Wu, Yiming and Tian, Yuandong and Vajda, Peter and Jia, Yangqing and Keutzer, Kurt},
  booktitle={Proceedings of the IEEE Conference on Computer Vision and Pattern Recognition},
  pages={10734--10742},
  year={2019}
}
@article{jang2016categorical,
  title={Categorical reparameterization with gumbel-softmax},
  author={Jang, Eric and Gu, Shixiang and Poole, Ben},
  journal={arXiv preprint arXiv:1611.01144},
  year={2016}
}
@article{maddison2016concrete,
  title={The concrete distribution: A continuous relaxation of discrete random variables},
  author={Maddison, Chris J and Mnih, Andriy and Teh, Yee Whye},
  journal={arXiv preprint arXiv:1611.00712},
  year={2016}
}
@inproceedings{tan2019efficientnet,
  title={EfficientNet: Rethinking Model Scaling for Convolutional Neural Networks},
  author={Tan, Mingxing and Le, Quoc},
  booktitle={International Conference on Machine Learning},
  pages={6105--6114},
  year={2019}
}
@inproceedings{micikevicius2018mixed,
  title={Mixed Precision Training},
  author={Paulius Micikevicius and Sharan Narang and Jonah Alben and Gregory Diamos and Erich Elsen and David Garcia and Boris Ginsburg and Michael Houston and Oleksii Kuchaiev and Ganesh Venkatesh and Hao Wu},
  booktitle={International Conference on Learning Representations},
  year={2018},
  url={https://openreview.net/forum?id=r1gs9JgRZ},
}
@inproceedings{abadi2016tensorflow,
  title={Tensorflow: A system for large-scale machine learning},
  author={Abadi, Mart{\'\i}n and Barham, Paul and Chen, Jianmin and Chen, Zhifeng and Davis, Andy and Dean, Jeffrey and Devin, Matthieu and Ghemawat, Sanjay and Irving, Geoffrey and Isard, Michael and others},
  booktitle={12th $\{$USENIX$\}$ Symposium on Operating Systems Design and Implementation ($\{$OSDI$\}$ 16)},
  pages={265--283},
  year={2016}
}
@inproceedings{dean2012large,
  title={Large scale distributed deep networks},
  author={Dean, Jeffrey and Corrado, Greg and Monga, Rajat and Chen, Kai and Devin, Matthieu and Mao, Mark and Ranzato, Marc'aurelio and Senior, Andrew and Tucker, Paul and Yang, Ke and others},
  booktitle={Advances in neural information processing systems},
  pages={1223--1231},
  year={2012}
}
@inproceedings{das2018mixed,
  title={Mixed Precision Training of Convolutional Neural Networks using Integer Operations},
  author={Dipankar Das and Naveen Mellempudi and Dheevatsa Mudigere and Dhiraj Kalamkar and Sasikanth Avancha and Kunal Banerjee and Srinivas Sridharan and Karthik Vaidyanathan and Bharat Kaul and Evangelos Georganas and Alexander Heinecke and Pradeep Dubey and Jesus Corbal and Nikita Shustrov and Roma Dubtsov and Evarist Fomenko and Vadim Pirogov},
  booktitle={International Conference on Learning Representations},
  year={2018},
  url={https://openreview.net/forum?id=H135uzZ0-},
}
@article{zhu2019towards,
  title={Towards Unified INT8 Training for Convolutional Neural Network},
  author={Zhu, Feng and Gong, Ruihao and Yu, Fengwei and Liu, Xianglong and Wang, Yanfei and Li, Zhelong and Yang, Xiuqi and Yan, Junjie},
  journal={arXiv preprint arXiv:1912.12607},
  year={2019}
}
@inproceedings{lin2018deep,
  title={Deep Gradient Compression: Reducing the Communication Bandwidth for Distributed Training},
  author={Yujun Lin and Song Han and Huizi Mao and Yu Wang and Bill Dally},
  booktitle={International Conference on Learning Representations},
  year={2018},
  url={https://openreview.net/forum?id=SkhQHMW0W},
}
@inproceedings{aji2017sparse,
  title={Sparse Communication for Distributed Gradient Descent},
  author={Aji, Alham Fikri and Heafield, Kenneth},
  booktitle={Proceedings of the 2017 Conference on Empirical Methods in Natural Language Processing},
  pages={440--445},
  year={2017}
}
@inproceedings{wen2017terngrad,
  title={Terngrad: Ternary gradients to reduce communication in distributed deep learning},
  author={Wen, Wei and Xu, Cong and Yan, Feng and Wu, Chunpeng and Wang, Yandan and Chen, Yiran and Li, Hai},
  booktitle={Advances in neural information processing systems},
  pages={1509--1519},
  year={2017}
}
@inproceedings{szegedy2015going,
  title={Going deeper with convolutions},
  author={Szegedy, Christian and Liu, Wei and Jia, Yangqing and Sermanet, Pierre and Reed, Scott and Anguelov, Dragomir and Erhan, Dumitru and Vanhoucke, Vincent and Rabinovich, Andrew},
  booktitle={Proceedings of the IEEE conference on computer vision and pattern recognition},
  pages={1--9},
  year={2015}
}
@inproceedings{paszke2019pytorch,
  title={PyTorch: An imperative style, high-performance deep learning library},
  author={Paszke, Adam and Gross, Sam and Massa, Francisco and Lerer, Adam and Bradbury, James and Chanan, Gregory and Killeen, Trevor and Lin, Zeming and Gimelshein, Natalia and Antiga, Luca and others},
  booktitle={Advances in Neural Information Processing Systems},
  pages={8024--8035},
  year={2019}
}
@article{jeaugey2017nccl,
  title={Nccl 2.0},
  author={Jeaugey, Sylvain},
  journal={GTC},
  year={2017},
  url={http://on-demand.gputechconf.com/gtc/2017/presentation/s7155-jeaugey-nccl.pdf},
}
@article{chetlur2014cudnn,
  title={cudnn: Efficient primitives for deep learning},
  author={Chetlur, Sharan and Woolley, Cliff and Vandermersch, Philippe and Cohen, Jonathan and Tran, John and Catanzaro, Bryan and Shelhamer, Evan},
  journal={arXiv preprint arXiv:1410.0759},
  year={2014}
}
@inproceedings{peng2019generic,
  title={A generic communication scheduler for distributed DNN training acceleration},
  author={Peng, Yanghua and Zhu, Yibo and Chen, Yangrui and Bao, Yixin and Yi, Bairen and Lan, Chang and Wu, Chuan and Guo, Chuanxiong},
  booktitle={Proceedings of the 27th ACM Symposium on Operating Systems Principles},
  pages={16--29},
  year={2019}
}
@inproceedings{li2014scaling,
  title={Scaling distributed machine learning with the parameter server},
  author={Li, Mu and Andersen, David G and Park, Jun Woo and Smola, Alexander J and Ahmed, Amr and Josifovski, Vanja and Long, James and Shekita, Eugene J and Su, Bor-Yiing},
  booktitle={11th $\{$USENIX$\}$ Symposium on Operating Systems Design and Implementation ($\{$OSDI$\}$ 14)},
  pages={583--598},
  year={2014}
}
@article{han2017efficient,
  title={Efficient methods and hardware for deep learning},
  author={Han, Song and Dally, B},
  journal={University Lecture},
  year={2017}
}
@article{han2015deep,
  title={Deep compression: Compressing deep neural networks with pruning, trained quantization and huffman coding},
  author={Han, Song and Mao, Huizi and Dally, William J},
  journal={arXiv preprint arXiv:1510.00149},
  year={2015}
}
@misc{vanholder2016efficient,
  title={Efficient Inference with TensorRT},
  author={Vanholder, Han},
  year={2016},
  url={http://on-demand.gputechconf.com/gtc-eu/2017/presentation/23425-han-vanholder-efficient-inference-with-tensorrt.pdf},
}
@inproceedings{migacz20178,
  title={8-bit inference with tensorrt},
  author={Migacz, Szymon},
  booktitle={GPU technology conference},
  volume={2},
  number={4},
  pages={5},
  year={2017}
}
@article{bengio2013estimating,
  title={Estimating or propagating gradients through stochastic neurons for conditional computation},
  author={Bengio, Yoshua and L{\'e}onard, Nicholas and Courville, Aaron},
  journal={arXiv preprint arXiv:1308.3432},
  year={2013}
}
@article{qin2020binary,
  title={Binary Neural Networks: A Survey},
  author={Qin, Haotong and Gong, Ruihao and Liu, Xianglong and Bai, Xiao and Song, Jingkuan and Sebe, Nicu},
  journal={Pattern Recognition},
  pages={107281},
  year={2020},
  publisher={Elsevier}
}
@article{guo2018survey,
  title={A survey on methods and theories of quantized neural networks},
  author={Guo, Yunhui},
  journal={arXiv preprint arXiv:1808.04752},
  year={2018}
}
@inproceedings{courbariaux2015binaryconnect,
  title={Binaryconnect: Training deep neural networks with binary weights during propagations},
  author={Courbariaux, Matthieu and Bengio, Yoshua and David, Jean-Pierre},
  booktitle={Advances in neural information processing systems},
  pages={3123--3131},
  year={2015}
}
@inproceedings{hubara2016binarized,
  title={Binarized neural networks},
  author={Hubara, Itay and Courbariaux, Matthieu and Soudry, Daniel and El-Yaniv, Ran and Bengio, Yoshua},
  booktitle={Advances in neural information processing systems},
  pages={4107--4115},
  year={2016}
}
@inproceedings{cai2017deep,
  title={Deep learning with low precision by half-wave gaussian quantization},
  author={Cai, Zhaowei and He, Xiaodong and Sun, Jian and Vasconcelos, Nuno},
  booktitle={Proceedings of the IEEE Conference on Computer Vision and Pattern Recognition},
  pages={5918--5926},
  year={2017}
}
@article{lloyd1982least,
  title={Least squares quantization in PCM},
  author={Lloyd, Stuart},
  journal={IEEE transactions on information theory},
  volume={28},
  number={2},
  pages={129--137},
  year={1982},
  publisher={IEEE}
}
@article{hinton2015distilling,
  title={Distilling the knowledge in a neural network},
  author={Hinton, Geoffrey and Vinyals, Oriol and Dean, Jeff},
  journal={arXiv preprint arXiv:1503.02531},
  year={2015}
}
@article{yuan2019object,
  title={Object-Contextual Representations for Semantic Segmentation},
  author={Yuan, Yuhui and Chen, Xilin and Wang, Jingdong},
  journal={arXiv preprint arXiv:1909.11065},
  year={2019}
}
@article{xie2019self,
  title={Self-training with Noisy Student improves ImageNet classification},
  author={Xie, Qizhe and Hovy, Eduard and Luong, Minh-Thang and Le, Quoc V},
  journal={arXiv preprint arXiv:1911.04252},
  year={2019}
}
@article{liu2019cbnet,
  title={Cbnet: A novel composite backbone network architecture for object detection},
  author={Liu, Yudong and Wang, Yongtao and Wang, Siwei and Liang, TingTing and Zhao, Qijie and Tang, Zhi and Ling, Haibin},
  journal={arXiv preprint arXiv:1909.03625},
  year={2019}
}
@inproceedings{song2019generative,
  title={Generative modeling by estimating gradients of the data distribution},
  author={Song, Yang and Ermon, Stefano},
  booktitle={Advances in Neural Information Processing Systems},
  pages={11895--11907},
  year={2019}
}
@article{bulat2020toward,
  title={Toward fast and accurate human pose estimation via soft-gated skip connections},
  author={Bulat, Adrian and Kossaifi, Jean and Tzimiropoulos, Georgios and Pantic, Maja},
  journal={arXiv preprint arXiv:2002.11098},
  year={2020}
}
@article{edunov2018understanding,
  title={Understanding back-translation at scale},
  author={Edunov, Sergey and Ott, Myle and Auli, Michael and Grangier, David},
  journal={arXiv preprint arXiv:1808.09381},
  year={2018}
}
@article{shoeybi2019megatron,
  title={Megatron-lm: Training multi-billion parameter language models using gpu model parallelism},
  author={Shoeybi, Mohammad and Patwary, Mostofa and Puri, Raul and LeGresley, Patrick and Casper, Jared and Catanzaro, Bryan},
  journal={arXiv preprint arXiv:1909.08053},
  year={2019}
}
@article{zhang2020retrospective,
  title={Retrospective Reader for Machine Reading Comprehension},
  author={Zhang, Zhuosheng and Yang, Junjie and Zhao, Hai},
  journal={arXiv preprint arXiv:2001.09694},
  year={2020}
}
@article{raffel2019exploring,
  title={Exploring the limits of transfer learning with a unified text-to-text transformer},
  author={Raffel, Colin and Shazeer, Noam and Roberts, Adam and Lee, Katherine and Narang, Sharan and Matena, Michael and Zhou, Yanqi and Li, Wei and Liu, Peter J},
  journal={arXiv preprint arXiv:1910.10683},
  year={2019}
}
@inproceedings{guo2018long,
  title={Long text generation via adversarial training with leaked information},
  author={Guo, Jiaxian and Lu, Sidi and Cai, Han and Zhang, Weinan and Yu, Yong and Wang, Jun},
  booktitle={Thirty-Second AAAI Conference on Artificial Intelligence},
  year={2018}
}
@inproceedings{ronneberger2015u,
  title={U-net: Convolutional networks for biomedical image segmentation},
  author={Ronneberger, Olaf and Fischer, Philipp and Brox, Thomas},
  booktitle={International Conference on Medical image computing and computer-assisted intervention},
  pages={234--241},
  year={2015},
  organization={Springer}
}
@article{alperstein2019all,
  title={All smiles variational autoencoder},
  author={Alperstein, Zaccary and Cherkasov, Artem and Rolfe, Jason Tyler},
  journal={arXiv preprint arXiv:1905.13343},
  year={2019}
}
@article{mnih2015human,
  title={Human-level control through deep reinforcement learning},
  author={Mnih, Volodymyr and Kavukcuoglu, Koray and Silver, David and Rusu, Andrei A and Veness, Joel and Bellemare, Marc G and Graves, Alex and Riedmiller, Martin and Fidjeland, Andreas K and Ostrovski, Georg and others},
  journal={Nature},
  volume={518},
  number={7540},
  pages={529--533},
  year={2015},
  publisher={Nature Publishing Group}
}
@inproceedings{wang2019easy,
  title={Easy transfer learning by exploiting intra-domain structures},
  author={Wang, Jindong and Chen, Yiqiang and Yu, Han and Huang, Meiyu and Yang, Qiang},
  booktitle={2019 IEEE International Conference on Multimedia and Expo (ICME)},
  pages={1210--1215},
  year={2019},
  organization={IEEE}
}
@article{rendle2019difficulty,
  title={On the difficulty of evaluating baselines: A study on recommender systems},
  author={Rendle, Steffen and Zhang, Li and Koren, Yehuda},
  journal={arXiv preprint arXiv:1905.01395},
  year={2019}
}
@article{deng2020sparse,
  title={A Sparse Deep Factorization Machine for Efficient CTR prediction},
  author={Deng, Wei and Pan, Junwei and Zhou, Tian and Flores, Aaron and Lin, Guang},
  journal={arXiv preprint arXiv:2002.06987},
  year={2020}
}
@inproceedings{he2018learning,
  title={Learning compression from limited unlabeled data},
  author={He, Xiangyu and Cheng, Jian},
  booktitle={Proceedings of the European Conference on Computer Vision (ECCV)},
  pages={752--769},
  year={2018}
}
@article{peters2018probabilistic,
  title={Probabilistic binary neural networks},
  author={Peters, Jorn WT and Welling, Max},
  journal={arXiv preprint arXiv:1809.03368},
  year={2018}
}
@inproceedings{nagel2019data,
  title={Data-free quantization through weight equalization and bias correction},
  author={Nagel, Markus and Baalen, Mart van and Blankevoort, Tijmen and Welling, Max},
  booktitle={Proceedings of the IEEE International Conference on Computer Vision},
  pages={1325--1334},
  year={2019}
}
@inproceedings{meller2019same,
  title={Same, Same But Different: Recovering Neural Network Quantization Error Through Weight Factorization},
  author={Meller, Eldad and Finkelstein, Alexander and Almog, Uri and Grobman, Mark},
  booktitle={International Conference on Machine Learning},
  pages={4486--4495},
  year={2019}
}
@inproceedings{gong2019differentiable,
  title={Differentiable soft quantization: Bridging full-precision and low-bit neural networks},
  author={Gong, Ruihao and Liu, Xianglong and Jiang, Shenghu and Li, Tianxiang and Hu, Peng and Lin, Jiazhen and Yu, Fengwei and Yan, Junjie},
  booktitle={Proceedings of the IEEE International Conference on Computer Vision},
  pages={4852--4861},
  year={2019}
}
@inproceedings{shayer2018learning,
  title={Learning Discrete Weights Using the Local Reparameterization Trick},
  author={Oran Shayer and Dan Levi and Ethan Fetaya},
  booktitle={International Conference on Learning Representations},
  year={2018},
  url={https://openreview.net/forum?id=BySRH6CpW},
}
@article{hou2016loss,
  title={Loss-aware binarization of deep networks},
  author={Hou, Lu and Yao, Quanming and Kwok, James T},
  journal={arXiv preprint arXiv:1611.01600},
  year={2016}
}
@article{hou2018loss,
  title={Loss-aware weight quantization of deep networks},
  author={Hou, Lu and Kwok, James T},
  journal={arXiv preprint arXiv:1802.08635},
  year={2018}
}
@inproceedings{polino2018model,
  title={Model compression via distillation and quantization},
  author={Antonio Polino and Razvan Pascanu and Dan Alistarh},
  booktitle={International Conference on Learning Representations},
  year={2018},
  url={https://openreview.net/forum?id=S1XolQbRW},
}
@inproceedings{mishra2018apprentice,
  title={Apprentice: Using Knowledge Distillation Techniques To Improve Low-Precision Network Accuracy},
  author={Asit Mishra and Debbie Marr},
  booktitle={International Conference on Learning Representations},
  year={2018},
  url={https://openreview.net/forum?id=B1ae1lZRb},
}
@article{zhang2019skynet,
  title={Skynet: a hardware-efficient method for object detection and tracking on embedded systems},
  author={Zhang, Xiaofan and Lu, Haoming and Hao, Cong and Li, Jiachen and Cheng, Bowen and Li, Yuhong and Rupnow, Kyle and Xiong, Jinjun and Huang, Thomas and Shi, Honghui and others},
  journal={arXiv preprint arXiv:1909.09709},
  year={2019}
}
@article{falcini2017deep,
  title={Deep learning in automotive software},
  author={Falcini, Fabio and Lami, Giuseppe and Costanza, Alessandra Mitidieri},
  journal={IEEE Software},
  volume={34},
  number={3},
  pages={56--63},
  year={2017},
  publisher={IEEE}
}
@article{zou2019object,
  title={Object detection in 20 years: A survey},
  author={Zou, Zhengxia and Shi, Zhenwei and Guo, Yuhong and Ye, Jieping},
  journal={arXiv preprint arXiv:1905.05055},
  year={2019}
}
@misc{qualcomm2019snapdragon,
  title={Snapdragon 865 5G Mobile Platform},
  author={{Qualcomm Technologies, Inc.}},
  year={2019},
  url={https://www.qualcomm.com/media/documents/files/qualcomm-snapdragon-865-5g-mobile-platform-product-brief.pdf},
}
@inproceedings{chen2018tvm,
  title={$\{$TVM$\}$: An automated end-to-end optimizing compiler for deep learning},
  author={Chen, Tianqi and Moreau, Thierry and Jiang, Ziheng and Zheng, Lianmin and Yan, Eddie and Shen, Haichen and Cowan, Meghan and Wang, Leyuan and Hu, Yuwei and Ceze, Luis and others},
  booktitle={13th $\{$USENIX$\}$ Symposium on Operating Systems Design and Implementation ($\{$OSDI$\}$ 18)},
  pages={578--594},
  year={2018}
}
@inproceedings{han2015learning,
  title={Learning both weights and connections for efficient neural network},
  author={Han, Song and Pool, Jeff and Tran, John and Dally, William},
  booktitle={Advances in neural information processing systems},
  pages={1135--1143},
  year={2015}
}
@article{li2016pruning,
  title={Pruning filters for efficient convnets},
  author={Li, Hao and Kadav, Asim and Durdanovic, Igor and Samet, Hanan and Graf, Hans Peter},
  journal={arXiv preprint arXiv:1608.08710},
  year={2016}
}
@article{chen2018shallowing,
  title={Shallowing deep networks: Layer-wise pruning based on feature representations},
  author={Chen, Shi and Zhao, Qi},
  journal={IEEE transactions on pattern analysis and machine intelligence},
  volume={41},
  number={12},
  pages={3048--3056},
  year={2018},
  publisher={IEEE}
}
@inproceedings{van1976construction,
  title={On the Construction of Huffman Trees.},
  author={Van Leeuwen, Jan},
  booktitle={ICALP},
  pages={382--410},
  year={1976}
}
@inproceedings{sainath2013low,
  title={Low-rank matrix factorization for deep neural network training with high-dimensional output targets},
  author={Sainath, Tara N and Kingsbury, Brian and Sindhwani, Vikas and Arisoy, Ebru and Ramabhadran, Bhuvana},
  booktitle={2013 IEEE international conference on acoustics, speech and signal processing},
  pages={6655--6659},
  year={2013},
  organization={IEEE}
}
@inproceedings{lavin2016fast,
  title={Fast algorithms for convolutional neural networks},
  author={Lavin, Andrew and Gray, Scott},
  booktitle={Proceedings of the IEEE Conference on Computer Vision and Pattern Recognition},
  pages={4013--4021},
  year={2016}
}
@misc{nvidia2018turing,
  title={NVIDIA Turing GPU Architecture},
  author={{NVIDIA Corporation}},
  year={2018},
  url={https://www.nvidia.com/content/dam/en-zz/Solutions/design-visualization/technologies/turing-architecture/NVIDIA-Turing-Architecture-Whitepaper.pdf},
}
@misc{google2018gemmlowp,
  title={gemmlowp: a small self-contained low-precision GEMM library},
  author={{Google Inc.} and {Intel Corporation} and {ARM Ltd.} and {Silk Labs Inc.} and {MIPS Tech LLC} and {Wave Computing Inc.}},
  year={2018},
  url={https://github.com/google/gemmlowp},
}
@misc{nvidia2019cutlass,
  title={CUTLASS 2.0},
  author={{NVIDIA Corporation}},
  year={2019},
  url={https://github.com/NVIDIA/cutlass},
}
@misc{facebook2018qnnpack,
  title={QNNPACK},
  author={{Facebook Inc.}},
  year={2018},
  url={https://github.com/pytorch/QNNPACK},
}
@misc{facebook2018fbgemm,
  title={FBGEMM},
  author={{Facebook Inc.}},
  year={2018},
  url={https://github.com/pytorch/FBGEMM},
}
@misc{intel2019dnnl,
  title={Deep Neural Network Library (DNNL)},
  author={{Intel Corporation} and {YANDEX LLC}},
  year={2019},
  url={https://01.org/dnnl},
}
@article{nvidia2008cublas,
  title={Cublas library},
  author={Nvidia, CUDA},
  journal={NVIDIA Corporation, Santa Clara, California},
  volume={15},
  number={27},
  pages={31},
  year={2008}
}
@article{markham2017caffe2,
  title={Caffe2: Portable high-performance deep learning framework from Facebook},
  author={Markham, A and Jia, Y},
  journal={NVIDIA Corporation},
  year={2017}
}
@misc{google2020neurl,
  title={Neural Networks API},
  author={{Google Inc.}},
  year={2020},
  url={https://developer.android.com/ndk/guides/neuralnetworks},
}
@misc{onnx2019onnx,
  title={Open Neural Network Exchange (ONNX)},
  author={{ONNX Project Contributors}},
  year={2019},
  url={https://onnx.ai},
}
@misc{qualcomm2019snpe,
  title={Snapdragon Neural Processing Engine SDK},
  author={{Qualcomm Technologies, Inc.}},
  year={2019},
  url={https://developer.qualcomm.com/docs/snpe/index.html},
}
@misc{apple2020coreml,
  title={Core ML},
  author={{Apple Inc.}},
  year={2020},
  url={https://developer.apple.com/documentation/coreml},
}
@article{zhu2016trained,
  title={Trained ternary quantization},
  author={Zhu, Chenzhuo and Han, Song and Mao, Huizi and Dally, William J},
  journal={arXiv preprint arXiv:1612.01064},
  year={2016}
}
@inproceedings{he2017mask,
  title={Mask r-cnn},
  author={He, Kaiming and Gkioxari, Georgia and Doll{\'a}r, Piotr and Girshick, Ross},
  booktitle={Proceedings of the IEEE international conference on computer vision},
  pages={2961--2969},
  year={2017}
}